@book{newcombe_2012,
    title={Securing Cloud Services: A Pragmatic Approach to Security Architecture in the Cloud},
    publisher={IT Governance Ltd.},
    author={Newcombe, Lee},
    year={2012},
    isbn={978-1-84928-397-7}
}

@INPROCEEDINGS{efficient_resources,
    author={D. {Martin} and A. v. {Moorsel} and G. {Morgan}},
    booktitle={2008 11th IEEE International Symposium on Object and Component-Oriented Real-Time Distributed Computing (ISORC)},
    title={Efficient Resource Management for Game Server Hosting},
    year={2008},
    volume={},
    number={},
    pages={593-596},
    url={https://ieeexplore.ieee.org/document/4553340},
    urldate={2020-04-20}
}

@INPROCEEDINGS{building_cloud_mog_server,
    author={K. {Chanthaphram} and others},
    booktitle={The 2013 10th International Joint Conference on Computer Science and Software Engineering (JCSSE)},
    title={Building a cloud-based MOG game server},
    year={2013},
    volume={},
    number={},
    pages={143-148},
    url={https://ieeexplore.ieee.org/document/6567335},
    urldate={2020-04-20}
}

@INPROCEEDINGS{statista_cloud_revenue,
    booktitle={Statista},
    title={Public cloud application services (SaaS) market size worldwide 2015-2022}, 
    url={https://www.statista.com/statistics/505243/worldwide-software-as-a-service-revenue/}, 
    author={Holst, Arne}, 
    year={2019}, 
    urldate={2020-04-20}
}

@online{gamecp,
    title={Game Server Hosting Control Panel - GameCP}, 
    url={https://gamecp.com/}, 
    year={2020}, 
    urldate={2020-06-20}
}

@online{turnkey,
  title = {TurnKey GNU/Linux | 100+ free ready-to-use system images for virtual machines, the cloud and bare metal},
  year = 2020,
  url = {https://www.turnkeylinux.org/},
  urldate = {2020-05-19}
}

@online{linuxgsm,
  title = {LinuxGSM\_},
  year = 2020,
  url = {https://linuxgsm.com/},
  urldate = {2020-05-19}
}

@online{steamcmd,
  title = {SteamCMD},
  year = 2020,
  url = {https://developer.valvesoftware.com/wiki/SteamCMD},
  urldate = {2020-05-19}
}

@online{pterodactyl,
  title = {Pterodactyl},
  year = 2020,
  url = {https://pterodactyl.io/},
  urldate = {2020-06-21}
}

@online{gameserverapp,
  title = {Game Server Manager - GameserverApp.com},
  year = 2020,
  url = {https://www.gameserverapp.com/},
  urldate = {2020-06-26}
}

@online{debian_release_stats,
  title = {DebianReleases - Debian Wiki},
  year = 2020,
  url = {https://wiki.debian.org/DebianReleases},
  urldate = {2020-07-21}
}

