@book{newcombe_2012,
    title={Securing Cloud Services: A Pragmatic Approach to Security Architecture in the Cloud},
    publisher={IT Governance Ltd.},
    author={Newcombe, Lee},
    year={2012}
}

@INPROCEEDINGS{efficient_resources,
    author={D. {Martin} and A. v. {Moorsel} and G. {Morgan}},
    booktitle={2008 11th IEEE International Symposium on Object and Component-Oriented Real-Time Distributed Computing (ISORC)},
    title={Efficient Resource Management for Game Server Hosting},
    year={2008},
    volume={},
    number={},
    pages={593-596},
}
