@online{turnkey,
  title = {TurnKey GNU/Linux | 100+ free ready-to-use system images for virtual machines, the cloud and bare metal},
  year = 2020,
  url = {https://www.turnkeylinux.org/},
  urldate = {2020-05-19}
}

@online{linuxgsm,
  title = {LinuxGSM\_},
  year = 2020,
  url = {https://linuxgsm.com/},
  urldate = {2020-05-19}
}

@online{steamcmd,
  title = {SteamCMD},
  year = 2020,
  url = {https://developer.valvesoftware.com/wiki/SteamCMD},
  urldate = {2020-05-19}
}
